@misc{MathHistory,
  title = {Mactutor History of Mathematics},
  howpublished = {{http://www-history.mcs.st-and.ac.uk/}},
  note = {Accessed: 2015-03-15}
}

@Book{DiffEq,
  author = {Campbell, Steven L and Haberman, Richard},
  title = {Introduction to Differential Equations with Dynamical Systems},
  publisher = {Princeton University Press},
  year = {2008}
}

@Book{Stats,
  author = {Larsen, Ron and Farber, Betsy},
  title = {Elementary Statistics, Picturing the World},
  publisher = {Pearson},
  year = {2015},
  edition = {6th}
}

@Book{Linear,
author = {Lipschutz, Seymour and Lipson, Marc},
title = {Schaum's Outline of Theory and Problems of Linear Algebra},
publisher = {McGraw Hill},
year = {2001},
edition = {3rd}
}

@Book{NumAnaly,
author = {Giordano, Frank and Weir, Maurice and Fox, William},
title = {A First Course in Mathematical Modelling},
edition = {3rd}
}

@Book{BookBridge,
author = {Eccles, Peter J},
title = {An Introduction to Mathematical Reasoning},
publisher = {Cambridge University Press},
year = {2007},
edition = {1st}
}

@Book{bridgebook,
author = {Smith, D. and Eggen, M., and St.~Andre, R.,},
title = {A Transition to Advanced Mathematics},
publisher = {Cengage},
year = {2010},
address = {Belmont, CA},
edition = {7th}
}

@Book{Calculus,
author = {Stewart, James},
title = {Calculus Early Transcendentals},
howpublished = {Thompson Brooks/Cole},
year = {2008}
}

@Book{ModernAlg,
author = {McCoy, Neal and Janusz, Gerald},
title = {An Introduction to Abstract Algebra},
publisher = {Trustworthy Communications},
year = {2009},
edition = {7th}
}

@Book{IntroAnalysis,
author = {Wade, William R.},
title = {An Introduction to Analysis},
publisher = {Prentice Hall},
year = {2010},
edition = {4th}
}

% Below are some extra samples (the ones corresponding to the sample code in your Calc. I - III template amd a couple additional examples) that were not in the original math.bib file.


@Book{Johnson,
author = {Johnson, R. and Kiokemeister, F.},
title = {Calculus with Analytic Geometry},
publisher = {ALLYN and BACON},
year = {1960}
 }

@Book{Saxon,
author = {Saxon, J. and Wang, F.},
title = {Calculus with Trigonometry and Analytic Geometry},
publisher = {Saxon Publishers},
year = {1997}
} 

%Here's a sample of an entry for a website 

@misc{MH-Archive, 
author = {O'Conner, J. and Robertson, E.}, 
title = {Mac{T}utor History of Mathematics Archive},
 howpublished = {\url{http://www-history.mcs.st-and.ac.uk}},
 note = {Accessed: Spring 2014} }
 
%Here's a sample of an entry for course material like quizzes/group projects/etc.

@Misc{MTH277,
author = {Goral, D.},
title = {Quizzes for Vector Caclulus},
howpublished = {MTH 277 Course Material at Northern Virginia Community College},
year = {2011}
}


